%YAML 1.1
%TAG !u! tag:unity3d.com,2011:
--- !u!1001 &100100000
Prefab:
  m_ObjectHideFlags: 1
  serializedVersion: 2
  m_Modification:
    m_TransformParent: {fileID: 0}
    m_Modifications: []
    m_RemovedComponents: []
  m_ParentPrefab: {fileID: 0}
  m_RootGameObject: {fileID: 1729825244616540}
  m_IsPrefabParent: 1
--- !u!1 &1059512335271348
GameObject:
  m_ObjectHideFlags: 1
  m_PrefabParentObject: {fileID: 0}
  m_PrefabInternal: {fileID: 100100000}
  serializedVersion: 5
  m_Component:
  - component: {fileID: 4501885079592386}
  m_Layer: 0
  m_Name: Crawler_L_Back_leg_04_ctrl
  m_TagString: Untagged
  m_Icon: {fileID: 0}
  m_NavMeshLayer: 0
  m_StaticEditorFlags: 0
  m_IsActive: 1
--- !u!1 &1178483493233298
GameObject:
  m_ObjectHideFlags: 0
  m_PrefabParentObject: {fileID: 0}
  m_PrefabInternal: {fileID: 100100000}
  serializedVersion: 5
  m_Component:
  - component: {fileID: 4658017613910660}
  m_Layer: 0
  m_Name: L_Back_leg_IK01
  m_TagString: Untagged
  m_Icon: {fileID: 0}
  m_NavMeshLayer: 0
  m_StaticEditorFlags: 0
  m_IsActive: 1
--- !u!1 &1213921598252694
GameObject:
  m_ObjectHideFlags: 1
  m_PrefabParentObject: {fileID: 0}
  m_PrefabInternal: {fileID: 100100000}
  serializedVersion: 5
  m_Component:
  - component: {fileID: 4165614025565634}
  m_Layer: 0
  m_Name: Crawler_R_Back_leg_03_jt
  m_TagString: Untagged
  m_Icon: {fileID: 0}
  m_NavMeshLayer: 0
  m_StaticEditorFlags: 0
  m_IsActive: 1
--- !u!1 &1234235048841728
GameObject:
  m_ObjectHideFlags: 0
  m_PrefabParentObject: {fileID: 0}
  m_PrefabInternal: {fileID: 100100000}
  serializedVersion: 5
  m_Component:
  - component: {fileID: 4367640028223840}
  m_Layer: 0
  m_Name: R_Back_leg_IK01
  m_TagString: Untagged
  m_Icon: {fileID: 0}
  m_NavMeshLayer: 0
  m_StaticEditorFlags: 0
  m_IsActive: 1
--- !u!1 &1258253235220020
GameObject:
  m_ObjectHideFlags: 1
  m_PrefabParentObject: {fileID: 0}
  m_PrefabInternal: {fileID: 100100000}
  serializedVersion: 5
  m_Component:
  - component: {fileID: 4445191882971910}
  m_Layer: 0
  m_Name: Crawler_L_Front_leg_02_jt
  m_TagString: Untagged
  m_Icon: {fileID: 0}
  m_NavMeshLayer: 0
  m_StaticEditorFlags: 0
  m_IsActive: 1
--- !u!1 &1335894762319556
GameObject:
  m_ObjectHideFlags: 1
  m_PrefabParentObject: {fileID: 0}
  m_PrefabInternal: {fileID: 100100000}
  serializedVersion: 5
  m_Component:
  - component: {fileID: 4673297810824990}
  m_Layer: 0
  m_Name: Crawler_L_Back_leg_04_jt
  m_TagString: Untagged
  m_Icon: {fileID: 0}
  m_NavMeshLayer: 0
  m_StaticEditorFlags: 0
  m_IsActive: 1
--- !u!1 &1346020194245182
GameObject:
  m_ObjectHideFlags: 1
  m_PrefabParentObject: {fileID: 0}
  m_PrefabInternal: {fileID: 100100000}
  serializedVersion: 5
  m_Component:
  - component: {fileID: 4209948658338060}
  m_Layer: 0
  m_Name: Crawler_root_ctrl
  m_TagString: Untagged
  m_Icon: {fileID: 0}
  m_NavMeshLayer: 0
  m_StaticEditorFlags: 0
  m_IsActive: 1
--- !u!1 &1383778529542720
GameObject:
  m_ObjectHideFlags: 1
  m_PrefabParentObject: {fileID: 0}
  m_PrefabInternal: {fileID: 100100000}
  serializedVersion: 5
  m_Component:
  - component: {fileID: 4909696008831952}
  m_Layer: 0
  m_Name: Crawler_R_Back_leg_04_ctrl
  m_TagString: Untagged
  m_Icon: {fileID: 0}
  m_NavMeshLayer: 0
  m_StaticEditorFlags: 0
  m_IsActive: 1
--- !u!1 &1447041729218438
GameObject:
  m_ObjectHideFlags: 1
  m_PrefabParentObject: {fileID: 0}
  m_PrefabInternal: {fileID: 100100000}
  serializedVersion: 5
  m_Component:
  - component: {fileID: 4016059698478466}
  m_Layer: 0
  m_Name: Crawler_R_Front_leg_03_jt
  m_TagString: Untagged
  m_Icon: {fileID: 0}
  m_NavMeshLayer: 0
  m_StaticEditorFlags: 0
  m_IsActive: 1
--- !u!1 &1452321258749348
GameObject:
  m_ObjectHideFlags: 1
  m_PrefabParentObject: {fileID: 0}
  m_PrefabInternal: {fileID: 100100000}
  serializedVersion: 5
  m_Component:
  - component: {fileID: 4554492660898524}
  m_Layer: 0
  m_Name: Crawler_L_Front_leg_02_ctrl
  m_TagString: Untagged
  m_Icon: {fileID: 0}
  m_NavMeshLayer: 0
  m_StaticEditorFlags: 0
  m_IsActive: 1
--- !u!1 &1455372451293364
GameObject:
  m_ObjectHideFlags: 1
  m_PrefabParentObject: {fileID: 0}
  m_PrefabInternal: {fileID: 100100000}
  serializedVersion: 5
  m_Component:
  - component: {fileID: 4719883858039690}
  m_Layer: 0
  m_Name: Crawler_R_Back_leg_02_ctrl
  m_TagString: Untagged
  m_Icon: {fileID: 0}
  m_NavMeshLayer: 0
  m_StaticEditorFlags: 0
  m_IsActive: 1
--- !u!1 &1466539207395352
GameObject:
  m_ObjectHideFlags: 1
  m_PrefabParentObject: {fileID: 0}
  m_PrefabInternal: {fileID: 100100000}
  serializedVersion: 5
  m_Component:
  - component: {fileID: 4531616960396278}
  m_Layer: 0
  m_Name: Crawler_R_Back_leg_04_jt
  m_TagString: Untagged
  m_Icon: {fileID: 0}
  m_NavMeshLayer: 0
  m_StaticEditorFlags: 0
  m_IsActive: 1
--- !u!1 &1466798578789300
GameObject:
  m_ObjectHideFlags: 1
  m_PrefabParentObject: {fileID: 0}
  m_PrefabInternal: {fileID: 100100000}
  serializedVersion: 5
  m_Component:
  - component: {fileID: 4036536016998846}
  m_Layer: 0
  m_Name: Crawler_L_Back_leg_03_jt
  m_TagString: Untagged
  m_Icon: {fileID: 0}
  m_NavMeshLayer: 0
  m_StaticEditorFlags: 0
  m_IsActive: 1
--- !u!1 &1468589008375320
GameObject:
  m_ObjectHideFlags: 0
  m_PrefabParentObject: {fileID: 0}
  m_PrefabInternal: {fileID: 100100000}
  serializedVersion: 5
  m_Component:
  - component: {fileID: 4076785878774810}
  m_Layer: 0
  m_Name: Crawler_Master_ctrl
  m_TagString: Untagged
  m_Icon: {fileID: 0}
  m_NavMeshLayer: 0
  m_StaticEditorFlags: 0
  m_IsActive: 1
--- !u!1 &1489575900210552
GameObject:
  m_ObjectHideFlags: 1
  m_PrefabParentObject: {fileID: 0}
  m_PrefabInternal: {fileID: 100100000}
  serializedVersion: 5
  m_Component:
  - component: {fileID: 4229437744371834}
  m_Layer: 0
  m_Name: Crawler_eye_ctrl
  m_TagString: Untagged
  m_Icon: {fileID: 0}
  m_NavMeshLayer: 0
  m_StaticEditorFlags: 0
  m_IsActive: 1
--- !u!1 &1532427453737774
GameObject:
  m_ObjectHideFlags: 1
  m_PrefabParentObject: {fileID: 0}
  m_PrefabInternal: {fileID: 100100000}
  serializedVersion: 5
  m_Component:
  - component: {fileID: 4549345035650040}
  m_Layer: 0
  m_Name: Crawler_L_Back_leg_02_ctrl
  m_TagString: Untagged
  m_Icon: {fileID: 0}
  m_NavMeshLayer: 0
  m_StaticEditorFlags: 0
  m_IsActive: 1
--- !u!1 &1550267902788662
GameObject:
  m_ObjectHideFlags: 1
  m_PrefabParentObject: {fileID: 0}
  m_PrefabInternal: {fileID: 100100000}
  serializedVersion: 5
  m_Component:
  - component: {fileID: 4184364511358108}
  m_Layer: 0
  m_Name: Crawler_R_Back_leg_01_jt
  m_TagString: Untagged
  m_Icon: {fileID: 0}
  m_NavMeshLayer: 0
  m_StaticEditorFlags: 0
  m_IsActive: 1
--- !u!1 &1553399726325556
GameObject:
  m_ObjectHideFlags: 1
  m_PrefabParentObject: {fileID: 0}
  m_PrefabInternal: {fileID: 100100000}
  serializedVersion: 5
  m_Component:
  - component: {fileID: 4760669148818898}
  m_Layer: 0
  m_Name: Crawler_root_jt
  m_TagString: Untagged
  m_Icon: {fileID: 0}
  m_NavMeshLayer: 0
  m_StaticEditorFlags: 0
  m_IsActive: 1
--- !u!1 &1561382785777208
GameObject:
  m_ObjectHideFlags: 1
  m_PrefabParentObject: {fileID: 0}
  m_PrefabInternal: {fileID: 100100000}
  serializedVersion: 5
  m_Component:
  - component: {fileID: 4342240879965014}
  m_Layer: 0
  m_Name: Crawler_L_Back_leg_03_ctrl
  m_TagString: Untagged
  m_Icon: {fileID: 0}
  m_NavMeshLayer: 0
  m_StaticEditorFlags: 0
  m_IsActive: 1
--- !u!1 &1573900571333914
GameObject:
  m_ObjectHideFlags: 0
  m_PrefabParentObject: {fileID: 0}
  m_PrefabInternal: {fileID: 100100000}
  serializedVersion: 5
  m_Component:
  - component: {fileID: 4531705403232476}
  m_Layer: 0
  m_Name: R_Front_leg_IK01
  m_TagString: Untagged
  m_Icon: {fileID: 0}
  m_NavMeshLayer: 0
  m_StaticEditorFlags: 0
  m_IsActive: 1
--- !u!1 &1580090845427108
GameObject:
  m_ObjectHideFlags: 1
  m_PrefabParentObject: {fileID: 0}
  m_PrefabInternal: {fileID: 100100000}
  serializedVersion: 5
  m_Component:
  - component: {fileID: 4458006264461168}
  m_Layer: 0
  m_Name: Crawler_R_Front_leg_02_ctrl
  m_TagString: Untagged
  m_Icon: {fileID: 0}
  m_NavMeshLayer: 0
  m_StaticEditorFlags: 0
  m_IsActive: 1
--- !u!1 &1621070109645144
GameObject:
  m_ObjectHideFlags: 1
  m_PrefabParentObject: {fileID: 0}
  m_PrefabInternal: {fileID: 100100000}
  serializedVersion: 5
  m_Component:
  - component: {fileID: 4414896236102518}
  m_Layer: 0
  m_Name: Crawler_L_Front_leg_04_jt
  m_TagString: Untagged
  m_Icon: {fileID: 0}
  m_NavMeshLayer: 0
  m_StaticEditorFlags: 0
  m_IsActive: 1
--- !u!1 &1624566941430858
GameObject:
  m_ObjectHideFlags: 1
  m_PrefabParentObject: {fileID: 0}
  m_PrefabInternal: {fileID: 100100000}
  serializedVersion: 5
  m_Component:
  - component: {fileID: 4048223665598946}
  m_Layer: 0
  m_Name: Crawler_R_Front_leg_04_ctrl
  m_TagString: Untagged
  m_Icon: {fileID: 0}
  m_NavMeshLayer: 0
  m_StaticEditorFlags: 0
  m_IsActive: 1
--- !u!1 &1626236742021290
GameObject:
  m_ObjectHideFlags: 1
  m_PrefabParentObject: {fileID: 0}
  m_PrefabInternal: {fileID: 100100000}
  serializedVersion: 5
  m_Component:
  - component: {fileID: 4095995667903892}
  m_Layer: 0
  m_Name: Crawler_eye_jt
  m_TagString: Untagged
  m_Icon: {fileID: 0}
  m_NavMeshLayer: 0
  m_StaticEditorFlags: 0
  m_IsActive: 1
--- !u!1 &1636330196258016
GameObject:
  m_ObjectHideFlags: 0
  m_PrefabParentObject: {fileID: 0}
  m_PrefabInternal: {fileID: 100100000}
  serializedVersion: 5
  m_Component:
  - component: {fileID: 4053316120418248}
  - component: {fileID: 137084336176351496}
  m_Layer: 0
  m_Name: Crawler_Weapon
  m_TagString: Untagged
  m_Icon: {fileID: 0}
  m_NavMeshLayer: 0
  m_StaticEditorFlags: 0
  m_IsActive: 1
--- !u!1 &1660985794359950
GameObject:
  m_ObjectHideFlags: 1
  m_PrefabParentObject: {fileID: 0}
  m_PrefabInternal: {fileID: 100100000}
  serializedVersion: 5
  m_Component:
  - component: {fileID: 4346924601608244}
  m_Layer: 0
  m_Name: Crawler_R_Back_leg_03_ctrl
  m_TagString: Untagged
  m_Icon: {fileID: 0}
  m_NavMeshLayer: 0
  m_StaticEditorFlags: 0
  m_IsActive: 1
--- !u!1 &1665479569446048
GameObject:
  m_ObjectHideFlags: 0
  m_PrefabParentObject: {fileID: 0}
  m_PrefabInternal: {fileID: 100100000}
  serializedVersion: 5
  m_Component:
  - component: {fileID: 4533346763340048}
  m_Layer: 0
  m_Name: L_Back_leg_IK02
  m_TagString: Untagged
  m_Icon: {fileID: 0}
  m_NavMeshLayer: 0
  m_StaticEditorFlags: 0
  m_IsActive: 1
--- !u!1 &1667240343655872
GameObject:
  m_ObjectHideFlags: 1
  m_PrefabParentObject: {fileID: 0}
  m_PrefabInternal: {fileID: 100100000}
  serializedVersion: 5
  m_Component:
  - component: {fileID: 4351615030452966}
  m_Layer: 0
  m_Name: Crawler_L_Front_leg_01_jt
  m_TagString: Untagged
  m_Icon: {fileID: 0}
  m_NavMeshLayer: 0
  m_StaticEditorFlags: 0
  m_IsActive: 1
--- !u!1 &1680691320698674
GameObject:
  m_ObjectHideFlags: 0
  m_PrefabParentObject: {fileID: 0}
  m_PrefabInternal: {fileID: 100100000}
  serializedVersion: 5
  m_Component:
  - component: {fileID: 4730368363549368}
  m_Layer: 0
  m_Name: L_Front_leg_IK02
  m_TagString: Untagged
  m_Icon: {fileID: 0}
  m_NavMeshLayer: 0
  m_StaticEditorFlags: 0
  m_IsActive: 1
--- !u!1 &1697754701638984
GameObject:
  m_ObjectHideFlags: 1
  m_PrefabParentObject: {fileID: 0}
  m_PrefabInternal: {fileID: 100100000}
  serializedVersion: 5
  m_Component:
  - component: {fileID: 4663377768891656}
  m_Layer: 0
  m_Name: Crawler_R_Front_leg_02_jt
  m_TagString: Untagged
  m_Icon: {fileID: 0}
  m_NavMeshLayer: 0
  m_StaticEditorFlags: 0
  m_IsActive: 1
--- !u!1 &1701892160796236
GameObject:
  m_ObjectHideFlags: 0
  m_PrefabParentObject: {fileID: 0}
  m_PrefabInternal: {fileID: 100100000}
  serializedVersion: 5
  m_Component:
  - component: {fileID: 4470344202143524}
  m_Layer: 0
  m_Name: R_Front_leg_IK02
  m_TagString: Untagged
  m_Icon: {fileID: 0}
  m_NavMeshLayer: 0
  m_StaticEditorFlags: 0
  m_IsActive: 1
--- !u!1 &1729825244616540
GameObject:
  m_ObjectHideFlags: 0
  m_PrefabParentObject: {fileID: 0}
  m_PrefabInternal: {fileID: 100100000}
  serializedVersion: 5
  m_Component:
  - component: {fileID: 4580220870811030}
  - component: {fileID: 95059068876556104}
  m_Layer: 0
  m_Name: Crawler Yellow
  m_TagString: Untagged
  m_Icon: {fileID: 0}
  m_NavMeshLayer: 0
  m_StaticEditorFlags: 0
  m_IsActive: 1
--- !u!1 &1742459731410646
GameObject:
  m_ObjectHideFlags: 0
  m_PrefabParentObject: {fileID: 0}
  m_PrefabInternal: {fileID: 100100000}
  serializedVersion: 5
  m_Component:
  - component: {fileID: 4455819403532828}
  m_Layer: 0
  m_Name: Crawler_Master_jt
  m_TagString: Untagged
  m_Icon: {fileID: 0}
  m_NavMeshLayer: 0
  m_StaticEditorFlags: 0
  m_IsActive: 1
--- !u!1 &1751470326186934
GameObject:
  m_ObjectHideFlags: 0
  m_PrefabParentObject: {fileID: 0}
  m_PrefabInternal: {fileID: 100100000}
  serializedVersion: 5
  m_Component:
  - component: {fileID: 4009505876607868}
  - component: {fileID: 137940872036576086}
  - component: {fileID: 95972421496158300}
  m_Layer: 0
  m_Name: Crawler
  m_TagString: Untagged
  m_Icon: {fileID: 0}
  m_NavMeshLayer: 0
  m_StaticEditorFlags: 0
  m_IsActive: 1
--- !u!1 &1758356888630430
GameObject:
  m_ObjectHideFlags: 0
  m_PrefabParentObject: {fileID: 0}
  m_PrefabInternal: {fileID: 100100000}
  serializedVersion: 5
  m_Component:
  - component: {fileID: 4788454348659222}
  m_Layer: 0
  m_Name: L_Front_leg_IK01
  m_TagString: Untagged
  m_Icon: {fileID: 0}
  m_NavMeshLayer: 0
  m_StaticEditorFlags: 0
  m_IsActive: 1
--- !u!1 &1768631185408244
GameObject:
  m_ObjectHideFlags: 1
  m_PrefabParentObject: {fileID: 0}
  m_PrefabInternal: {fileID: 100100000}
  serializedVersion: 5
  m_Component:
  - component: {fileID: 4573952378735916}
  m_Layer: 0
  m_Name: Crawler_R_Front_leg_04_jt
  m_TagString: Untagged
  m_Icon: {fileID: 0}
  m_NavMeshLayer: 0
  m_StaticEditorFlags: 0
  m_IsActive: 1
--- !u!1 &1771493752872986
GameObject:
  m_ObjectHideFlags: 1
  m_PrefabParentObject: {fileID: 0}
  m_PrefabInternal: {fileID: 100100000}
  serializedVersion: 5
  m_Component:
  - component: {fileID: 4077615428973656}
  m_Layer: 0
  m_Name: Crawler_R_Back_leg_02_jt
  m_TagString: Untagged
  m_Icon: {fileID: 0}
  m_NavMeshLayer: 0
  m_StaticEditorFlags: 0
  m_IsActive: 1
--- !u!1 &1859396290308868
GameObject:
  m_ObjectHideFlags: 1
  m_PrefabParentObject: {fileID: 0}
  m_PrefabInternal: {fileID: 100100000}
  serializedVersion: 5
  m_Component:
  - component: {fileID: 4465435495143494}
  m_Layer: 0
  m_Name: Crawler_L_Back_leg_02_jt
  m_TagString: Untagged
  m_Icon: {fileID: 0}
  m_NavMeshLayer: 0
  m_StaticEditorFlags: 0
  m_IsActive: 1
--- !u!1 &1865889895436182
GameObject:
  m_ObjectHideFlags: 1
  m_PrefabParentObject: {fileID: 0}
  m_PrefabInternal: {fileID: 100100000}
  serializedVersion: 5
  m_Component:
  - component: {fileID: 4275849704801466}
  m_Layer: 0
  m_Name: Crawler_L_Front_leg_03_jt
  m_TagString: Untagged
  m_Icon: {fileID: 0}
  m_NavMeshLayer: 0
  m_StaticEditorFlags: 0
  m_IsActive: 1
--- !u!1 &1898967878499508
GameObject:
  m_ObjectHideFlags: 1
  m_PrefabParentObject: {fileID: 0}
  m_PrefabInternal: {fileID: 100100000}
  serializedVersion: 5
  m_Component:
  - component: {fileID: 4124652422887008}
  m_Layer: 0
  m_Name: Crawler_L_Back_leg_01_jt
  m_TagString: Untagged
  m_Icon: {fileID: 0}
  m_NavMeshLayer: 0
  m_StaticEditorFlags: 0
  m_IsActive: 1
--- !u!1 &1940039167886458
GameObject:
  m_ObjectHideFlags: 0
  m_PrefabParentObject: {fileID: 0}
  m_PrefabInternal: {fileID: 100100000}
  serializedVersion: 5
  m_Component:
  - component: {fileID: 4157755675237756}
  m_Layer: 0
  m_Name: R_Back_leg_IK02
  m_TagString: Untagged
  m_Icon: {fileID: 0}
  m_NavMeshLayer: 0
  m_StaticEditorFlags: 0
  m_IsActive: 1
--- !u!1 &1963008501723886
GameObject:
  m_ObjectHideFlags: 1
  m_PrefabParentObject: {fileID: 0}
  m_PrefabInternal: {fileID: 100100000}
  serializedVersion: 5
  m_Component:
  - component: {fileID: 4244058761572584}
  m_Layer: 0
  m_Name: Crawler_R_Front_leg_01_jt
  m_TagString: Untagged
  m_Icon: {fileID: 0}
  m_NavMeshLayer: 0
  m_StaticEditorFlags: 0
  m_IsActive: 1
--- !u!1 &1966801514805030
GameObject:
  m_ObjectHideFlags: 1
  m_PrefabParentObject: {fileID: 0}
  m_PrefabInternal: {fileID: 100100000}
  serializedVersion: 5
  m_Component:
  - component: {fileID: 4999741901351172}
  m_Layer: 0
  m_Name: Crawler_L_Front_leg_04_ctrl
  m_TagString: Untagged
  m_Icon: {fileID: 0}
  m_NavMeshLayer: 0
  m_StaticEditorFlags: 0
  m_IsActive: 1
--- !u!1 &1984169734473362
GameObject:
  m_ObjectHideFlags: 1
  m_PrefabParentObject: {fileID: 0}
  m_PrefabInternal: {fileID: 100100000}
  serializedVersion: 5
  m_Component:
  - component: {fileID: 4012857268846758}
  m_Layer: 0
  m_Name: Crawler_R_Front_leg_03_ctrl
  m_TagString: Untagged
  m_Icon: {fileID: 0}
  m_NavMeshLayer: 0
  m_StaticEditorFlags: 0
  m_IsActive: 1
--- !u!1 &1988848093701472
GameObject:
  m_ObjectHideFlags: 1
  m_PrefabParentObject: {fileID: 0}
  m_PrefabInternal: {fileID: 100100000}
  serializedVersion: 5
  m_Component:
  - component: {fileID: 4358840518528008}
  m_Layer: 0
  m_Name: Crawler_L_Front_leg_03_ctrl
  m_TagString: Untagged
  m_Icon: {fileID: 0}
  m_NavMeshLayer: 0
  m_StaticEditorFlags: 0
  m_IsActive: 1
--- !u!4 &4009505876607868
Transform:
  m_ObjectHideFlags: 1
  m_PrefabParentObject: {fileID: 0}
  m_PrefabInternal: {fileID: 100100000}
  m_GameObject: {fileID: 1751470326186934}
  m_LocalRotation: {x: 0, y: -0, z: -0, w: 1}
  m_LocalPosition: {x: -0, y: -5.684342e-16, z: 0}
  m_LocalScale: {x: 1, y: 1, z: 1}
  m_Children: []
  m_Father: {fileID: 4580220870811030}
  m_RootOrder: 0
  m_LocalEulerAnglesHint: {x: 0, y: 0, z: 0}
--- !u!4 &4012857268846758
Transform:
  m_ObjectHideFlags: 1
  m_PrefabParentObject: {fileID: 0}
  m_PrefabInternal: {fileID: 100100000}
  m_GameObject: {fileID: 1984169734473362}
  m_LocalRotation: {x: 0, y: -0, z: -0, w: 1}
  m_LocalPosition: {x: 0.02391988, y: 0.021152236, z: 0.008093196}
  m_LocalScale: {x: 0.85418606, y: 0.85418606, z: 0.85418606}
  m_Children: []
  m_Father: {fileID: 4076785878774810}
  m_RootOrder: 10
  m_LocalEulerAnglesHint: {x: 0, y: 0, z: 0}
--- !u!4 &4016059698478466
Transform:
  m_ObjectHideFlags: 1
  m_PrefabParentObject: {fileID: 0}
  m_PrefabInternal: {fileID: 100100000}
  m_GameObject: {fileID: 1447041729218438}
  m_LocalRotation: {x: 0.3440682, y: 0.9389437, z: 0.00060567126, w: -0.0012396115}
  m_LocalPosition: {x: -0.36380023, y: 7.105427e-17, z: -5.795565e-18}
  m_LocalScale: {x: 1, y: 1, z: 1}
  m_Children:
  - {fileID: 4573952378735916}
  m_Father: {fileID: 4663377768891656}
  m_RootOrder: 0
  m_LocalEulerAnglesHint: {x: 0, y: 0, z: 0}
--- !u!4 &4036536016998846
Transform:
  m_ObjectHideFlags: 1
  m_PrefabParentObject: {fileID: 0}
  m_PrefabInternal: {fileID: 100100000}
  m_GameObject: {fileID: 1466798578789300}
  m_LocalRotation: {x: 0.2745975, y: 0.96155924, z: 0.0001553997, w: 0.0000811468}
  m_LocalPosition: {x: -0.45300987, y: 7.105427e-17, z: 0}
  m_LocalScale: {x: 1, y: 1, z: 1}
  m_Children:
  - {fileID: 4673297810824990}
  m_Father: {fileID: 4465435495143494}
  m_RootOrder: 0
  m_LocalEulerAnglesHint: {x: 0, y: 0, z: 0}
--- !u!4 &4048223665598946
Transform:
  m_ObjectHideFlags: 1
  m_PrefabParentObject: {fileID: 0}
  m_PrefabInternal: {fileID: 100100000}
  m_GameObject: {fileID: 1624566941430858}
  m_LocalRotation: {x: 0, y: -0, z: -0, w: 1}
  m_LocalPosition: {x: 0.019646883, y: 0.00006811497, z: 0.008093196}
  m_LocalScale: {x: 1.1792924, y: 1.1792924, z: 1.1792924}
  m_Children: []
  m_Father: {fileID: 4076785878774810}
  m_RootOrder: 11
  m_LocalEulerAnglesHint: {x: 0, y: 0, z: 0}
--- !u!4 &4053316120418248
Transform:
  m_ObjectHideFlags: 1
  m_PrefabParentObject: {fileID: 0}
  m_PrefabInternal: {fileID: 100100000}
  m_GameObject: {fileID: 1636330196258016}
  m_LocalRotation: {x: 0, y: -0, z: -0, w: 1}
  m_LocalPosition: {x: -0, y: 0, z: 0}
  m_LocalScale: {x: 1, y: 1, z: 1}
  m_Children: []
  m_Father: {fileID: 4580220870811030}
  m_RootOrder: 3
  m_LocalEulerAnglesHint: {x: 0, y: 0, z: 0}
--- !u!4 &4076785878774810
Transform:
  m_ObjectHideFlags: 1
  m_PrefabParentObject: {fileID: 0}
  m_PrefabInternal: {fileID: 100100000}
  m_GameObject: {fileID: 1468589008375320}
  m_LocalRotation: {x: 0, y: -0, z: -0, w: 1}
  m_LocalPosition: {x: -0, y: 0, z: 0}
  m_LocalScale: {x: 33.22315, y: 33.22315, z: 33.22315}
  m_Children:
  - {fileID: 4549345035650040}
  - {fileID: 4342240879965014}
  - {fileID: 4501885079592386}
  - {fileID: 4554492660898524}
  - {fileID: 4358840518528008}
  - {fileID: 4999741901351172}
  - {fileID: 4719883858039690}
  - {fileID: 4346924601608244}
  - {fileID: 4909696008831952}
  - {fileID: 4458006264461168}
  - {fileID: 4012857268846758}
  - {fileID: 4048223665598946}
  - {fileID: 4209948658338060}
  m_Father: {fileID: 4580220870811030}
  m_RootOrder: 1
  m_LocalEulerAnglesHint: {x: 0, y: 0, z: 0}
--- !u!4 &4077615428973656
Transform:
  m_ObjectHideFlags: 1
  m_PrefabParentObject: {fileID: 0}
  m_PrefabInternal: {fileID: 100100000}
  m_GameObject: {fileID: 1771493752872986}
  m_LocalRotation: {x: 5.413701e-16, y: 3.807992e-16, z: -0.8181007, w: 0.575075}
  m_LocalPosition: {x: -0.31027207, y: 3.5527136e-17, z: -3.799737e-17}
  m_LocalScale: {x: 1, y: 1, z: 1}
  m_Children:
  - {fileID: 4165614025565634}
  m_Father: {fileID: 4184364511358108}
  m_RootOrder: 0
  m_LocalEulerAnglesHint: {x: 0, y: 0, z: 0}
--- !u!4 &4095995667903892
Transform:
  m_ObjectHideFlags: 1
  m_PrefabParentObject: {fileID: 0}
  m_PrefabInternal: {fileID: 100100000}
  m_GameObject: {fileID: 1626236742021290}
  m_LocalRotation: {x: 0.124931, y: -0.69598293, z: 0.124931, w: 0.69598293}
  m_LocalPosition: {x: -0.6547923, y: 1.0658141e-16, z: 1.453931e-16}
  m_LocalScale: {x: 1, y: 1, z: 1}
  m_Children: []
  m_Father: {fileID: 4760669148818898}
  m_RootOrder: 0
  m_LocalEulerAnglesHint: {x: 0, y: 0, z: 0}
--- !u!4 &4124652422887008
Transform:
  m_ObjectHideFlags: 1
  m_PrefabParentObject: {fileID: 0}
  m_PrefabInternal: {fileID: 100100000}
  m_GameObject: {fileID: 1898967878499508}
  m_LocalRotation: {x: -0.2589155, y: -0.6579991, z: 0.4716028, w: 0.52686894}
  m_LocalPosition: {x: 0.2880125, y: 0.14703123, z: -0.42441273}
  m_LocalScale: {x: 1, y: 1, z: 1}
  m_Children:
  - {fileID: 4465435495143494}
  m_Father: {fileID: 4760669148818898}
  m_RootOrder: 1
  m_LocalEulerAnglesHint: {x: 0, y: 0, z: 0}
--- !u!4 &4157755675237756
Transform:
  m_ObjectHideFlags: 1
  m_PrefabParentObject: {fileID: 0}
  m_PrefabInternal: {fileID: 100100000}
  m_GameObject: {fileID: 1940039167886458}
  m_LocalRotation: {x: 0.0001107464, y: 0.00013589661, z: 0.6317272, w: 0.7751908}
  m_LocalPosition: {x: 0.71034443, y: 0.002303505, z: -0.321111}
  m_LocalScale: {x: 1, y: 1, z: 1}
  m_Children: []
  m_Father: {fileID: 4580220870811030}
  m_RootOrder: 9
  m_LocalEulerAnglesHint: {x: 0, y: 0, z: 0}
--- !u!4 &4165614025565634
Transform:
  m_ObjectHideFlags: 1
  m_PrefabParentObject: {fileID: 0}
  m_PrefabInternal: {fileID: 100100000}
  m_GameObject: {fileID: 1213921598252694}
  m_LocalRotation: {x: 0.2745975, y: 0.96155924, z: -0.00015540665, w: -0.00008115076}
  m_LocalPosition: {x: -0.45300987, y: 1.0658141e-16, z: -3.1298562e-17}
  m_LocalScale: {x: 1, y: 1, z: 1}
  m_Children:
  - {fileID: 4531616960396278}
  m_Father: {fileID: 4077615428973656}
  m_RootOrder: 0
  m_LocalEulerAnglesHint: {x: 0, y: 0, z: 0}
--- !u!4 &4184364511358108
Transform:
  m_ObjectHideFlags: 1
  m_PrefabParentObject: {fileID: 0}
  m_PrefabInternal: {fileID: 100100000}
  m_GameObject: {fileID: 1550267902788662}
  m_LocalRotation: {x: 0.2589155, y: 0.6579991, z: 0.4716028, w: 0.52686894}
  m_LocalPosition: {x: 0.2880125, y: 0.14703123, z: 0.42441273}
  m_LocalScale: {x: 1, y: 1, z: 1}
  m_Children:
  - {fileID: 4077615428973656}
  m_Father: {fileID: 4760669148818898}
  m_RootOrder: 3
  m_LocalEulerAnglesHint: {x: 0, y: 0, z: 0}
--- !u!4 &4209948658338060
Transform:
  m_ObjectHideFlags: 1
  m_PrefabParentObject: {fileID: 0}
  m_PrefabInternal: {fileID: 100100000}
  m_GameObject: {fileID: 1346020194245182}
  m_LocalRotation: {x: 0, y: -0, z: -0, w: 1}
  m_LocalPosition: {x: -0, y: 0.021545913, z: 0}
  m_LocalScale: {x: 3.0713072, y: 3.0713072, z: 3.0713072}
  m_Children:
  - {fileID: 4229437744371834}
  m_Father: {fileID: 4076785878774810}
  m_RootOrder: 12
  m_LocalEulerAnglesHint: {x: 0, y: 0, z: 0}
--- !u!4 &4229437744371834
Transform:
  m_ObjectHideFlags: 1
  m_PrefabParentObject: {fileID: 0}
  m_PrefabInternal: {fileID: 100100000}
  m_GameObject: {fileID: 1489575900210552}
  m_LocalRotation: {x: 0, y: -0, z: -0, w: 1}
  m_LocalPosition: {x: -0, y: 0.0022318666, z: 0.0060164845}
  m_LocalScale: {x: 0.38397086, y: 0.38397086, z: 0.38397086}
  m_Children: []
  m_Father: {fileID: 4209948658338060}
  m_RootOrder: 0
  m_LocalEulerAnglesHint: {x: 0, y: 0, z: 0}
--- !u!4 &4244058761572584
Transform:
  m_ObjectHideFlags: 1
  m_PrefabParentObject: {fileID: 0}
  m_PrefabInternal: {fileID: 100100000}
  m_GameObject: {fileID: 1963008501723886}
  m_LocalRotation: {x: 0.26236168, y: 0.6895929, z: 0.44409195, w: 0.50834084}
  m_LocalPosition: {x: -0.27618828, y: -0.06336951, z: 0.36326015}
  m_LocalScale: {x: 1, y: 1, z: 1}
  m_Children:
  - {fileID: 4663377768891656}
  m_Father: {fileID: 4760669148818898}
  m_RootOrder: 4
  m_LocalEulerAnglesHint: {x: 0, y: 0, z: 0}
--- !u!4 &4275849704801466
Transform:
  m_ObjectHideFlags: 1
  m_PrefabParentObject: {fileID: 0}
  m_PrefabInternal: {fileID: 100100000}
  m_GameObject: {fileID: 1865889895436182}
  m_LocalRotation: {x: 0.3440682, y: 0.9389437, z: -0.00060567126, w: 0.0012396115}
  m_LocalPosition: {x: -0.36380023, y: 7.105427e-17, z: -1.4533886e-17}
  m_LocalScale: {x: 1, y: 1, z: 1}
  m_Children:
  - {fileID: 4414896236102518}
  m_Father: {fileID: 4445191882971910}
  m_RootOrder: 0
  m_LocalEulerAnglesHint: {x: 0, y: 0, z: 0}
--- !u!4 &4342240879965014
Transform:
  m_ObjectHideFlags: 1
  m_PrefabParentObject: {fileID: 0}
  m_PrefabInternal: {fileID: 100100000}
  m_GameObject: {fileID: 1561382785777208}
  m_LocalRotation: {x: 6.123234e-17, y: 1, z: -6.123234e-17, w: -6.123234e-17}
  m_LocalPosition: {x: -0.026358757, y: 0.024223423, z: -0.009667024}
  m_LocalScale: {x: 1.1792924, y: 1.1792924, z: -1.1792924}
  m_Children: []
  m_Father: {fileID: 4076785878774810}
  m_RootOrder: 1
  m_LocalEulerAnglesHint: {x: 0, y: 0, z: 0}
--- !u!4 &4346924601608244
Transform:
  m_ObjectHideFlags: 1
  m_PrefabParentObject: {fileID: 0}
  m_PrefabInternal: {fileID: 100100000}
  m_GameObject: {fileID: 1660985794359950}
  m_LocalRotation: {x: 0, y: -0, z: -0, w: 1}
  m_LocalPosition: {x: 0.026358757, y: 0.024223423, z: -0.009667024}
  m_LocalScale: {x: 1.1792924, y: 1.1792924, z: 1.1792924}
  m_Children: []
  m_Father: {fileID: 4076785878774810}
  m_RootOrder: 7
  m_LocalEulerAnglesHint: {x: 0, y: 0, z: 0}
--- !u!4 &4351615030452966
Transform:
  m_ObjectHideFlags: 1
  m_PrefabParentObject: {fileID: 0}
  m_PrefabInternal: {fileID: 100100000}
  m_GameObject: {fileID: 1667240343655872}
  m_LocalRotation: {x: -0.26236168, y: -0.6895929, z: 0.44409195, w: 0.50834084}
  m_LocalPosition: {x: -0.27618828, y: -0.06336951, z: -0.36326015}
  m_LocalScale: {x: 1, y: 1, z: 1}
  m_Children:
  - {fileID: 4445191882971910}
  m_Father: {fileID: 4760669148818898}
  m_RootOrder: 2
  m_LocalEulerAnglesHint: {x: 0, y: 0, z: 0}
--- !u!4 &4358840518528008
Transform:
  m_ObjectHideFlags: 1
  m_PrefabParentObject: {fileID: 0}
  m_PrefabInternal: {fileID: 100100000}
  m_GameObject: {fileID: 1988848093701472}
  m_LocalRotation: {x: 6.123234e-17, y: 1, z: -6.123234e-17, w: -6.123234e-17}
  m_LocalPosition: {x: -0.02391988, y: 0.021152236, z: 0.008093196}
  m_LocalScale: {x: 0.85418606, y: 0.85418606, z: -0.85418606}
  m_Children: []
  m_Father: {fileID: 4076785878774810}
  m_RootOrder: 4
  m_LocalEulerAnglesHint: {x: 0, y: 0, z: 0}
--- !u!4 &4367640028223840
Transform:
  m_ObjectHideFlags: 1
  m_PrefabParentObject: {fileID: 0}
  m_PrefabInternal: {fileID: 100100000}
  m_GameObject: {fileID: 1234235048841728}
  m_LocalRotation: {x: 0, y: -0, z: -0, w: 1}
  m_LocalPosition: {x: 0.87572086, y: 0.80477834, z: -0.32116896}
  m_LocalScale: {x: 1, y: 1, z: 1}
  m_Children: []
  m_Father: {fileID: 4580220870811030}
  m_RootOrder: 8
  m_LocalEulerAnglesHint: {x: 0, y: 0, z: 0}
--- !u!4 &4414896236102518
Transform:
  m_ObjectHideFlags: 1
  m_PrefabParentObject: {fileID: 0}
  m_PrefabInternal: {fileID: 100100000}
  m_GameObject: {fileID: 1621070109645144}
  m_LocalRotation: {x: 0.6329984, y: 0.7741532, z: -5.4390695e-17, w: 1.632533e-16}
  m_LocalPosition: {x: -0.71472144, y: -5.3290704e-17, z: 3.3118217e-17}
  m_LocalScale: {x: 1, y: 1, z: 1}
  m_Children: []
  m_Father: {fileID: 4275849704801466}
  m_RootOrder: 0
  m_LocalEulerAnglesHint: {x: 0, y: 0, z: 0}
--- !u!4 &4445191882971910
Transform:
  m_ObjectHideFlags: 1
  m_PrefabParentObject: {fileID: 0}
  m_PrefabInternal: {fileID: 100100000}
  m_GameObject: {fileID: 1258253235220020}
  m_LocalRotation: {x: 0.0108381, y: 0.043245193, z: -0.7668094, w: 0.6403247}
  m_LocalPosition: {x: -0.3117194, y: 3.594347e-17, z: 2.220446e-18}
  m_LocalScale: {x: 1, y: 1, z: 1}
  m_Children:
  - {fileID: 4275849704801466}
  m_Father: {fileID: 4351615030452966}
  m_RootOrder: 0
  m_LocalEulerAnglesHint: {x: 0, y: 0, z: 0}
--- !u!4 &4455819403532828
Transform:
  m_ObjectHideFlags: 1
  m_PrefabParentObject: {fileID: 0}
  m_PrefabInternal: {fileID: 100100000}
  m_GameObject: {fileID: 1742459731410646}
  m_LocalRotation: {x: 0, y: -0, z: -0, w: 1}
  m_LocalPosition: {x: -0, y: 0.7343667, z: 0}
  m_LocalScale: {x: 1, y: 1, z: 1}
  m_Children:
  - {fileID: 4760669148818898}
  m_Father: {fileID: 4580220870811030}
  m_RootOrder: 2
  m_LocalEulerAnglesHint: {x: 0, y: 0, z: 0}
--- !u!4 &4458006264461168
Transform:
  m_ObjectHideFlags: 1
  m_PrefabParentObject: {fileID: 0}
  m_PrefabInternal: {fileID: 100100000}
  m_GameObject: {fileID: 1580090845427108}
  m_LocalRotation: {x: 0, y: -0, z: -0, w: 1}
  m_LocalPosition: {x: 0.015022059, y: 0.014769777, z: 0.008093196}
  m_LocalScale: {x: 0.5949845, y: 0.5949845, z: 0.5949845}
  m_Children: []
  m_Father: {fileID: 4076785878774810}
  m_RootOrder: 9
  m_LocalEulerAnglesHint: {x: 0, y: 0, z: 0}
--- !u!4 &4465435495143494
Transform:
  m_ObjectHideFlags: 1
  m_PrefabParentObject: {fileID: 0}
  m_PrefabInternal: {fileID: 100100000}
  m_GameObject: {fileID: 1859396290308868}
  m_LocalRotation: {x: 0, y: 0, z: -0.8181007, w: 0.575075}
  m_LocalPosition: {x: -0.31027207, y: 3.5527136e-17, z: 0}
  m_LocalScale: {x: 1, y: 1, z: 1}
  m_Children:
  - {fileID: 4036536016998846}
  m_Father: {fileID: 4124652422887008}
  m_RootOrder: 0
  m_LocalEulerAnglesHint: {x: 0, y: 0, z: 0}
--- !u!4 &4470344202143524
Transform:
  m_ObjectHideFlags: 1
  m_PrefabParentObject: {fileID: 0}
  m_PrefabInternal: {fileID: 100100000}
  m_GameObject: {fileID: 1701892160796236}
  m_LocalRotation: {x: -1.2751124e-15, y: -8.6246446e-16, z: 0.6329984, w: 0.7741532}
  m_LocalPosition: {x: 0.6527313, y: 0.0022629935, z: 0.26888144}
  m_LocalScale: {x: 1, y: 1, z: 1}
  m_Children: []
  m_Father: {fileID: 4580220870811030}
  m_RootOrder: 11
  m_LocalEulerAnglesHint: {x: 0, y: 0, z: 0}
--- !u!4 &4501885079592386
Transform:
  m_ObjectHideFlags: 1
  m_PrefabParentObject: {fileID: 0}
  m_PrefabInternal: {fileID: 100100000}
  m_GameObject: {fileID: 1059512335271348}
  m_LocalRotation: {x: 6.123234e-17, y: 1, z: -6.123234e-17, w: -6.123234e-17}
  m_LocalPosition: {x: -0.021381011, y: 0.00006933434, z: -0.009665279}
  m_LocalScale: {x: 1.1792924, y: 1.1792924, z: -1.1792924}
  m_Children: []
  m_Father: {fileID: 4076785878774810}
  m_RootOrder: 2
  m_LocalEulerAnglesHint: {x: 0, y: 0, z: 0}
--- !u!4 &4531616960396278
Transform:
  m_ObjectHideFlags: 1
  m_PrefabParentObject: {fileID: 0}
  m_PrefabInternal: {fileID: 100100000}
  m_GameObject: {fileID: 1466539207395352}
  m_LocalRotation: {x: -0.0001107464, y: -0.00013589661, z: -0.6317272, w: 0.7751908}
  m_LocalPosition: {x: -0.81933826, y: 4.5957186e-16, z: -3.340269e-14}
  m_LocalScale: {x: 1, y: 1, z: 1}
  m_Children: []
  m_Father: {fileID: 4165614025565634}
  m_RootOrder: 0
  m_LocalEulerAnglesHint: {x: 0, y: 0, z: 0}
--- !u!4 &4531705403232476
Transform:
  m_ObjectHideFlags: 1
  m_PrefabParentObject: {fileID: 0}
  m_PrefabInternal: {fileID: 100100000}
  m_GameObject: {fileID: 1573900571333914}
  m_LocalRotation: {x: 0, y: -0, z: -0, w: 1}
  m_LocalPosition: {x: 0.79469365, y: 0.7027438, z: 0.26888144}
  m_LocalScale: {x: 1, y: 1, z: 1}
  m_Children: []
  m_Father: {fileID: 4580220870811030}
  m_RootOrder: 10
  m_LocalEulerAnglesHint: {x: 0, y: 0, z: 0}
--- !u!4 &4533346763340048
Transform:
  m_ObjectHideFlags: 1
  m_PrefabParentObject: {fileID: 0}
  m_PrefabInternal: {fileID: 100100000}
  m_GameObject: {fileID: 1665479569446048}
  m_LocalRotation: {x: 0.6317272, y: 0.7751908, z: 0.0001107464, w: 0.00013589661}
  m_LocalPosition: {x: -0.71034443, y: 0.002303505, z: -0.321111}
  m_LocalScale: {x: 1, y: 1, z: 1}
  m_Children: []
  m_Father: {fileID: 4580220870811030}
  m_RootOrder: 5
  m_LocalEulerAnglesHint: {x: 0, y: 0, z: 0}
--- !u!4 &4549345035650040
Transform:
  m_ObjectHideFlags: 1
  m_PrefabParentObject: {fileID: 0}
  m_PrefabInternal: {fileID: 100100000}
  m_GameObject: {fileID: 1532427453737774}
  m_LocalRotation: {x: 6.123234e-17, y: 1, z: -6.123234e-17, w: -6.123234e-17}
  m_LocalPosition: {x: -0.01658756, y: 0.014713063, z: -0.009667024}
  m_LocalScale: {x: 1.1792924, y: 1.1792924, z: -1.1792924}
  m_Children: []
  m_Father: {fileID: 4076785878774810}
  m_RootOrder: 0
  m_LocalEulerAnglesHint: {x: 0, y: 0, z: 0}
--- !u!4 &4554492660898524
Transform:
  m_ObjectHideFlags: 1
  m_PrefabParentObject: {fileID: 0}
  m_PrefabInternal: {fileID: 100100000}
  m_GameObject: {fileID: 1452321258749348}
  m_LocalRotation: {x: 6.123234e-17, y: 1, z: -6.123234e-17, w: -6.123234e-17}
  m_LocalPosition: {x: -0.015022059, y: 0.014769777, z: 0.008093196}
  m_LocalScale: {x: 0.5949845, y: 0.5949845, z: -0.5949845}
  m_Children: []
  m_Father: {fileID: 4076785878774810}
  m_RootOrder: 3
  m_LocalEulerAnglesHint: {x: 0, y: 0, z: 0}
--- !u!4 &4573952378735916
Transform:
  m_ObjectHideFlags: 1
  m_PrefabParentObject: {fileID: 0}
  m_PrefabInternal: {fileID: 100100000}
  m_GameObject: {fileID: 1768631185408244}
  m_LocalRotation: {x: 0, y: 0, z: -0.6329984, w: 0.7741532}
  m_LocalPosition: {x: -0.71472144, y: -1.7763568e-17, z: -1.1170716e-16}
  m_LocalScale: {x: 1, y: 1, z: 1}
  m_Children: []
  m_Father: {fileID: 4016059698478466}
  m_RootOrder: 0
  m_LocalEulerAnglesHint: {x: 0, y: 0, z: 0}
--- !u!4 &4580220870811030
Transform:
  m_ObjectHideFlags: 1
  m_PrefabParentObject: {fileID: 0}
  m_PrefabInternal: {fileID: 100100000}
  m_GameObject: {fileID: 1729825244616540}
  m_LocalRotation: {x: 0, y: 0, z: 0, w: 1}
  m_LocalPosition: {x: 0, y: 0, z: 0}
  m_LocalScale: {x: 1, y: 1, z: 1}
  m_Children:
  - {fileID: 4009505876607868}
  - {fileID: 4076785878774810}
  - {fileID: 4455819403532828}
  - {fileID: 4053316120418248}
  - {fileID: 4658017613910660}
  - {fileID: 4533346763340048}
  - {fileID: 4788454348659222}
  - {fileID: 4730368363549368}
  - {fileID: 4367640028223840}
  - {fileID: 4157755675237756}
  - {fileID: 4531705403232476}
  - {fileID: 4470344202143524}
  m_Father: {fileID: 0}
  m_RootOrder: 0
  m_LocalEulerAnglesHint: {x: 0, y: 0, z: 0}
--- !u!4 &4658017613910660
Transform:
  m_ObjectHideFlags: 1
  m_PrefabParentObject: {fileID: 0}
  m_PrefabInternal: {fileID: 100100000}
  m_GameObject: {fileID: 1178483493233298}
  m_LocalRotation: {x: 0, y: -0, z: -0, w: 1}
  m_LocalPosition: {x: -0.87572086, y: 0.80477834, z: -0.32116896}
  m_LocalScale: {x: 1, y: 1, z: 1}
  m_Children: []
  m_Father: {fileID: 4580220870811030}
  m_RootOrder: 4
  m_LocalEulerAnglesHint: {x: 0, y: 0, z: 0}
--- !u!4 &4663377768891656
Transform:
  m_ObjectHideFlags: 1
  m_PrefabParentObject: {fileID: 0}
  m_PrefabInternal: {fileID: 100100000}
  m_GameObject: {fileID: 1697754701638984}
  m_LocalRotation: {x: -0.0108381, y: -0.043245193, z: -0.7668094, w: 0.6403247}
  m_LocalPosition: {x: -0.3117194, y: 5.5233596e-17, z: 1.1546319e-16}
  m_LocalScale: {x: 1, y: 1, z: 1}
  m_Children:
  - {fileID: 4016059698478466}
  m_Father: {fileID: 4244058761572584}
  m_RootOrder: 0
  m_LocalEulerAnglesHint: {x: 0, y: 0, z: 0}
--- !u!4 &4673297810824990
Transform:
  m_ObjectHideFlags: 1
  m_PrefabParentObject: {fileID: 0}
  m_PrefabInternal: {fileID: 100100000}
  m_GameObject: {fileID: 1335894762319556}
  m_LocalRotation: {x: 0.6317272, y: 0.7751908, z: 0.0001107464, w: -0.00013589661}
  m_LocalPosition: {x: -0.81933826, y: 4.4643253e-16, z: 3.314183e-14}
  m_LocalScale: {x: 1, y: 1, z: 1}
  m_Children: []
  m_Father: {fileID: 4036536016998846}
  m_RootOrder: 0
  m_LocalEulerAnglesHint: {x: 0, y: 0, z: 0}
--- !u!4 &4719883858039690
Transform:
  m_ObjectHideFlags: 1
  m_PrefabParentObject: {fileID: 0}
  m_PrefabInternal: {fileID: 100100000}
  m_GameObject: {fileID: 1455372451293364}
  m_LocalRotation: {x: 0, y: -0, z: -0, w: 1}
  m_LocalPosition: {x: 0.01658756, y: 0.014713063, z: -0.009667024}
  m_LocalScale: {x: 1.1792924, y: 1.1792924, z: 1.1792924}
  m_Children: []
  m_Father: {fileID: 4076785878774810}
  m_RootOrder: 6
  m_LocalEulerAnglesHint: {x: 0, y: 0, z: 0}
--- !u!4 &4730368363549368
Transform:
  m_ObjectHideFlags: 1
  m_PrefabParentObject: {fileID: 0}
  m_PrefabInternal: {fileID: 100100000}
  m_GameObject: {fileID: 1680691320698674}
  m_LocalRotation: {x: 0.6329984, y: 0.7741532, z: -1.3524729e-15, w: -8.981439e-16}
  m_LocalPosition: {x: -0.6527313, y: 0.0022629935, z: 0.26888144}
  m_LocalScale: {x: 1, y: 1, z: 1}
  m_Children: []
  m_Father: {fileID: 4580220870811030}
  m_RootOrder: 7
  m_LocalEulerAnglesHint: {x: 0, y: 0, z: 0}
--- !u!4 &4760669148818898
Transform:
  m_ObjectHideFlags: 1
  m_PrefabParentObject: {fileID: 0}
  m_PrefabInternal: {fileID: 100100000}
  m_GameObject: {fileID: 1553399726325556}
  m_LocalRotation: {x: -0.124931, y: 0.69598293, z: -0.124931, w: 0.69598293}
  m_LocalPosition: {x: -0, y: -0.018543718, z: 0}
  m_LocalScale: {x: 1, y: 1, z: 1}
  m_Children:
  - {fileID: 4095995667903892}
  - {fileID: 4124652422887008}
  - {fileID: 4351615030452966}
  - {fileID: 4184364511358108}
  - {fileID: 4244058761572584}
  m_Father: {fileID: 4455819403532828}
  m_RootOrder: 0
  m_LocalEulerAnglesHint: {x: 0, y: 0, z: 0}
--- !u!4 &4788454348659222
Transform:
  m_ObjectHideFlags: 1
  m_PrefabParentObject: {fileID: 0}
  m_PrefabInternal: {fileID: 100100000}
  m_GameObject: {fileID: 1758356888630430}
  m_LocalRotation: {x: 0, y: -0, z: -0, w: 1}
  m_LocalPosition: {x: -0.79469365, y: 0.7027438, z: 0.26888144}
  m_LocalScale: {x: 1, y: 1, z: 1}
  m_Children: []
  m_Father: {fileID: 4580220870811030}
  m_RootOrder: 6
  m_LocalEulerAnglesHint: {x: 0, y: 0, z: 0}
--- !u!4 &4909696008831952
Transform:
  m_ObjectHideFlags: 1
  m_PrefabParentObject: {fileID: 0}
  m_PrefabInternal: {fileID: 100100000}
  m_GameObject: {fileID: 1383778529542720}
  m_LocalRotation: {x: 0, y: -0, z: -0, w: 1}
  m_LocalPosition: {x: 0.021381011, y: 0.00006933434, z: -0.009665279}
  m_LocalScale: {x: 1.1792924, y: 1.1792924, z: 1.1792924}
  m_Children: []
  m_Father: {fileID: 4076785878774810}
  m_RootOrder: 8
  m_LocalEulerAnglesHint: {x: 0, y: 0, z: 0}
--- !u!4 &4999741901351172
Transform:
  m_ObjectHideFlags: 1
  m_PrefabParentObject: {fileID: 0}
  m_PrefabInternal: {fileID: 100100000}
  m_GameObject: {fileID: 1966801514805030}
  m_LocalRotation: {x: 6.123234e-17, y: 1, z: -6.123234e-17, w: -6.123234e-17}
  m_LocalPosition: {x: -0.019646883, y: 0.00006811497, z: 0.008093196}
  m_LocalScale: {x: 1.1792924, y: 1.1792924, z: -1.1792924}
  m_Children: []
  m_Father: {fileID: 4076785878774810}
  m_RootOrder: 5
  m_LocalEulerAnglesHint: {x: 0, y: 0, z: 0}
--- !u!95 &95059068876556104
Animator:
  serializedVersion: 3
  m_ObjectHideFlags: 1
  m_PrefabParentObject: {fileID: 0}
  m_PrefabInternal: {fileID: 100100000}
  m_GameObject: {fileID: 1729825244616540}
  m_Enabled: 1
  m_Avatar: {fileID: 9000000, guid: 722989459e5cae8439a659cf732140bf, type: 3}
  m_Controller: {fileID: 9100000, guid: 5b6969217f8cf5e4c90cfbdfd461f2ce, type: 2}
  m_CullingMode: 1
  m_UpdateMode: 0
  m_ApplyRootMotion: 0
  m_LinearVelocityBlending: 0
  m_WarningMessage: 
  m_HasTransformHierarchy: 1
  m_AllowConstantClipSamplingOptimization: 1
--- !u!95 &95972421496158300
Animator:
  serializedVersion: 3
  m_ObjectHideFlags: 1
  m_PrefabParentObject: {fileID: 0}
  m_PrefabInternal: {fileID: 100100000}
  m_GameObject: {fileID: 1751470326186934}
  m_Enabled: 1
  m_Avatar: {fileID: 0}
  m_Controller: {fileID: 9100000, guid: 98b15b3829dcb524ea551ebaafb13704, type: 2}
  m_CullingMode: 0
  m_UpdateMode: 0
  m_ApplyRootMotion: 0
  m_LinearVelocityBlending: 0
  m_WarningMessage: 
  m_HasTransformHierarchy: 1
  m_AllowConstantClipSamplingOptimization: 1
--- !u!137 &137084336176351496
SkinnedMeshRenderer:
  m_ObjectHideFlags: 1
  m_PrefabParentObject: {fileID: 0}
  m_PrefabInternal: {fileID: 100100000}
  m_GameObject: {fileID: 1636330196258016}
  m_Enabled: 1
  m_CastShadows: 1
  m_ReceiveShadows: 1
  m_MotionVectors: 1
  m_LightProbeUsage: 1
  m_ReflectionProbeUsage: 1
  m_Materials:
  - {fileID: 2100000, guid: 7e169340a1c06654aa04fa430c0e6e05, type: 2}
  m_StaticBatchInfo:
    firstSubMesh: 0
    subMeshCount: 0
  m_StaticBatchRoot: {fileID: 0}
  m_ProbeAnchor: {fileID: 0}
  m_LightProbeVolumeOverride: {fileID: 0}
  m_ScaleInLightmap: 1
  m_PreserveUVs: 0
  m_IgnoreNormalsForChartDetection: 0
  m_ImportantGI: 0
  m_SelectedEditorRenderState: 3
  m_MinimumChartSize: 4
  m_AutoUVMaxDistance: 0.5
  m_AutoUVMaxAngle: 89
  m_LightmapParameters: {fileID: 0}
  m_SortingLayerID: 0
  m_SortingLayer: 0
  m_SortingOrder: 0
  serializedVersion: 2
  m_Quality: 0
  m_UpdateWhenOffscreen: 0
  m_SkinnedMotionVectors: 1
  m_Mesh: {fileID: 4300002, guid: 722989459e5cae8439a659cf732140bf, type: 3}
  m_Bones:
  - {fileID: 4455819403532828}
  - {fileID: 4760669148818898}
  - {fileID: 4095995667903892}
  - {fileID: 4184364511358108}
  - {fileID: 4124652422887008}
  - {fileID: 4351615030452966}
  - {fileID: 4445191882971910}
  - {fileID: 4244058761572584}
  - {fileID: 4663377768891656}
  m_BlendShapeWeights: []
  m_RootBone: {fileID: 4455819403532828}
  m_AABB:
    m_Center: {x: 0, y: -0.012941122, z: 0.301301}
    m_Extent: {x: 0.18367106, y: 0.21439156, z: 0.23379709}
  m_DirtyAABB: 0
--- !u!137 &137940872036576086
SkinnedMeshRenderer:
  m_ObjectHideFlags: 1
  m_PrefabParentObject: {fileID: 0}
  m_PrefabInternal: {fileID: 100100000}
  m_GameObject: {fileID: 1751470326186934}
  m_Enabled: 1
  m_CastShadows: 1
  m_ReceiveShadows: 1
  m_MotionVectors: 1
  m_LightProbeUsage: 1
  m_ReflectionProbeUsage: 1
  m_Materials:
  - {fileID: 2100000, guid: 7e169340a1c06654aa04fa430c0e6e05, type: 2}
  m_StaticBatchInfo:
    firstSubMesh: 0
    subMeshCount: 0
  m_StaticBatchRoot: {fileID: 0}
  m_ProbeAnchor: {fileID: 0}
  m_LightProbeVolumeOverride: {fileID: 0}
  m_ScaleInLightmap: 1
  m_PreserveUVs: 0
  m_IgnoreNormalsForChartDetection: 0
  m_ImportantGI: 0
  m_SelectedEditorRenderState: 3
  m_MinimumChartSize: 4
  m_AutoUVMaxDistance: 0.5
  m_AutoUVMaxAngle: 89
  m_LightmapParameters: {fileID: 0}
  m_SortingLayerID: 0
  m_SortingLayer: 0
  m_SortingOrder: 0
  serializedVersion: 2
  m_Quality: 0
  m_UpdateWhenOffscreen: 0
  m_SkinnedMotionVectors: 1
  m_Mesh: {fileID: 4300000, guid: 722989459e5cae8439a659cf732140bf, type: 3}
  m_Bones:
  - {fileID: 4455819403532828}
  - {fileID: 4760669148818898}
  - {fileID: 4095995667903892}
  - {fileID: 4184364511358108}
  - {fileID: 4077615428973656}
  - {fileID: 4165614025565634}
  - {fileID: 4531616960396278}
  - {fileID: 4124652422887008}
  - {fileID: 4465435495143494}
  - {fileID: 4036536016998846}
  - {fileID: 4673297810824990}
  - {fileID: 4351615030452966}
  - {fileID: 4445191882971910}
  - {fileID: 4275849704801466}
  - {fileID: 4414896236102518}
  - {fileID: 4244058761572584}
  - {fileID: 4663377768891656}
  - {fileID: 4016059698478466}
  - {fileID: 4573952378735916}
  m_BlendShapeWeights: []
  m_RootBone: {fileID: 4455819403532828}
  m_AABB:
    m_Center: {x: -0.000016629696, y: 0.17398083, z: 0.03361547}
    m_Extent: {x: 1.0933385, y: 0.9382819, z: 0.82731164}
  m_DirtyAABB: 0
